
@article{Martinis_Airbridge_APL,
	author = {Chen, Zijun and Megrant, A. and Kelly, J. and Barends, R. and Bochmann, J. and Chen, Yu and Chiaro, B. and Dunsworth, A. and Jeffrey, E. and Mutus, J. Y. and O'Malley, P. J. J. and Neill, C. and Roushan, P. and Sank, D. and Vainsencher, A. and Wenner, J. and White, T. C. and Cleland, A. N. and Martinis, John M.},
	title = {Fabrication and characterization of aluminum airbridges for superconducting microwave circuits},
	journal = {Appl. Phys. Lett.},
	year = {2014},
	volume = {104},
	pages = {052602},
	doi = {http://dx.doi.org/10.1063/1.4863745}, 
}

@article{Blais_cQED_PRA,
	title = {Cavity quantum electrodynamics for superconducting electrical circuits: An architecture for quantum computation},
	author = {Blais, Alexandre and Huang, Ren-Shou and Wallraff, Andreas and Girvin, S. M. and Schoelkopf, R. J.},
	journal = {Phys. Rev. A},
	volume = {69},
	issue = {6},
	pages = {062320},
	numpages = {14},
	year = {2004},
	publisher = {American Physical Society},
	doi = {10.1103/PhysRevA.69.062320},
	url = {http://link.aps.org/doi/10.1103/PhysRevA.69.062320}
}

@article{Resonator_TLS_Fit,
	author = {Sage, Jeremy M. and Bolkhovsky, Vladimir and Oliver, William D. and Turek, Benjamin and Welander, Paul B.},
	title = {Study of loss in superconducting coplanar waveguide resonators},
	journal = "J. Appl. Phys.",
	year = "2011",
	volume = "109",
	pages = "063915",
	doi = "http://dx.doi.org/10.1063/1.3552890" 
}

@article{Kontos_ACCoupled,
	title = {Out-of-equilibrium charge dynamics in a hybrid circuit quantum electrodynamics architecture},
	author = {Viennot, J. J. and Delbecq, M. R. and Dartiailh, M. C. and Cottet, A. and Kontos, T.},
	journal = {Phys. Rev. B},
	volume = {89},
	issue = {16},
	pages = {165404},
	numpages = {4},
	year = {2014},
	publisher = {American Physical Society},
	doi = {10.1103/PhysRevB.89.165404},
}

@article{Walraff_GaAs_Res_PRL,
	title = {Dipole Coupling of a Double Quantum Dot to a Microwave Resonator},
	author = {Frey, T. and Leek, P. J. and Beck, M. and Blais, A. and Ihn, T. and Ensslin, K. and Wallraff, A.},
	journal = {Phys. Rev. Lett.},
	volume = {108},
	issue = {4},
	pages = {046807},
	numpages = {5},
	year = {2012},
	publisher = {American Physical Society},
	doi = {10.1103/PhysRevLett.108.046807},
}

@article{Petersson_Nature2012,
	author = {Petersson, K. D. and McFaul, L. W. and Schroer, M. D. and Jung, M. and Taylor, J. M. and Houck, A. A. and Petta, J. R.}, 
	title = {Circuit quantum electrodynamics with a spin qubit},
	volume = {490}, 
	pages = {380-383}, 
	year = {2012},  
	journal = {Nature} 
}

@article{zxsafm,
	author = {Yong-Tao cui. and Eric Yue Ma. and Zhi-Xun Shen},
	title = "Quartz tuning fork based microwave impedance microscopy",
	journal = {Rev. Sci. Instrum.},
	year = "2016",
	volume = "87",
	pages = "063711",
	doi = "https://doi.org/10.1063/1.4954156" 
}	

@article{kejilai,
	author = {Xiaoyu Wu. and Zhenqi Hao. and Di Wu. and Lu Zheng. and Zhanzhi Jiang. and Vishal Ganesan. and Yayu Wang. and Keji Lai},
	title = "Quantitative measurements of nanoscale permittivity and conductivity using tuningfork-
based microwave impedance microscopy",
	journal = {Rev. Sci. Instrum.},
	year = "2018",
	volume = "89",
	pages = "043704",
	doi = "https://doi.org/10.1063/1.5022997" 
}	

@article{graaf,
	author = {S. E. de Graaf. and A.V. Danilov. and A. Adamyan. and S. E. Kubatkin},
	title = "A near-field scanning microwave microscope
based on a superconducting resonator for
low power measurements",
	journal = {Rev. Sci. Instrum.},
	year = "2013",
	volume = "84",
	pages = "023706",
	doi = "https://doi.org/10.1063/1.4792381" 
}	

@article{pan,
	author = {S. H. Pan. and E. W. Hudson. and J. C. Davis},
	title = "3He refrigerator based very low temperature
scanning tunneling microscope",
	journal = {Rev. Sci. Instrum.},
	year = "1999",
	volume = "70",
	pages = "1459",
	doi = "https://doi.org/10.1063/1.1149605" 
}	

@misc{EBL,
  title = {PIEZOCERAMIC TUBES},
  howpublished = {\url{https://www.eblproducts.com/?page=piezoceramic-tubes#true}},
  note = {Accessed: 2019-08-21}
}

@article{tip,
	author = {J. P. Ibe.and P. P. Bey.and  S. L. Brandow.and  R. A. Brizzolara.and  N. A. Burnham.and  D. P. DiLella.and  K. P. Lee.and  C. R. K. Marrian.and 
R. J. Colton},
	title = "On the electrochemical etching of tips for scanning tunneling microscopy",
	journal = {Rev. Sci. Instrum.},
	year = "1990",
	volume = "8",
	pages = "3570",
	doi = " https://doi.org/10.1116/1.576509" 
}

@article{doublela,
	author = {M. Kulawik. and M. Nowicki. and G. Thielsch. and L. Cramer. and H.-P. Rust. and H.-J. Freund. and T. P. Pearl. and P. S. Weiss},
	title = "A double lamellae dropoff etching procedure for tungsten tips attached
to tuning fork atomic force microscopy√ïscanning tunneling
microscopy sensors",
	journal = {Rev. Sci. Instrum.},
	year = "2003",
	volume = "74",
	pages = "2",
	doi = " https://doi.org/10.1063//1.1532833" 
}

@article{doublelacircuit,
	author = {Yingzi Li. and Zihang Song. and Yingxu Zhang. and Zhenyu Wang. and Zeyu Xu. and Rui Lin. and Jianqiang Qian},
	title = "A double-electrolyte etching method of high-quality tungsten probe for undergraduate scanning tunneling microscopy and atomic force microscopy experiments",
	journal = {Eur. J. Phys.},
	year = "2019",
	volume = "40",
	pages = "025004",
	doi = " https://doi.org/10.1088/1361-6404/aaf5e4" 
}	

@PHDTHESIS{mazin,
  title        = "Microwave kinetic inductance detectors",
  author       = "Mazin, Benjamin A",
  year         = "2005",
  school       = "California Institute of Technology",
}

@misc{cimpedance,
  title = {CHEMANDY ELECTRONICS},
  howpublished = {\url{https://chemandy.com/calculators/coplanar-waveguide-with-ground-calculator.htm}},
  note = {Accessed: 2019-08-22}
}



@misc{marsrover,
    Howpublished = {\url{https://chemandy.com/calculators/coplanar-waveguide-with-ground-calculator.htm}},
    Title = {{Coplanar Waveguide With Ground Characteristic Impedance Calculator}},
    Url = {https://chemandy.com/calculators/coplanar-waveguide-with-ground-calculator.htm},
    note = {Accessed: 2019-08-22}
    }

